<?xml version="1.0" encoding="UTF-8"?><record xmlns="http://www.loc.gov/MARC21/slim" xmlns:cinclude="http://apache.org/cocoon/include/1.0" xmlns:zs="http://www.loc.gov/zing/srw/">
  <leader>00416cz  a2200145n  4500</leader>
  <controlfield tag="001">nb2002017251</controlfield>
  <controlfield tag="003">DLC</controlfield>
  <controlfield tag="005">20120322075013.0</controlfield>
  <controlfield tag="008">020205n| acannaabn          |n aaa      </controlfield>
  <datafield tag="010" ind1=" " ind2=" ">
    <subfield code="a">nb2002017251</subfield>
  </datafield>
  <datafield tag="040" ind1=" " ind2=" ">
    <subfield code="a">Uk</subfield>
    <subfield code="b">eng</subfield>
    <subfield code="c">Uk</subfield>
    <subfield code="d">DLC</subfield>
  </datafield>
  <datafield tag="100" ind1="1" ind2=" ">
    <subfield code="a">Nancey, Alain,</subfield>
    <subfield code="d">1929-1988</subfield>
  </datafield>
  <datafield tag="670" ind1=" " ind2=" ">
    <subfield code="a">Paris m'a dit, 1955</subfield>
  </datafield>
  <datafield tag="670" ind1=" " ind2=" ">
    <subfield code="a">BL database, 5 Feb. 2002</subfield>
    <subfield code="b">(hdg.: Nancey, Alain)</subfield>
  </datafield>
  <datafield tag="670" ind1=" " ind2=" ">
    <subfield code="a">VIAF, Mar. 20, 2012</subfield>
    <subfield code="b">(Nancey, Alain 1929-1988)</subfield>
  </datafield>
</record>